@inproceedings{katona2013efficient,
  title={Efficient 1D and 2D barcode detection using mathematical morphology},
  author={Katona, Melinda and Ny{\'u}l, L{\'a}szl{\'o} G},
  booktitle={International Symposium on Mathematical Morphology and Its Applications to Signal and Image Processing},
  pages={464--475},
  year={2013},
  organization={Springer}
}

@inproceedings{katona2012novel,
  title={A novel method for accurate and efficient barcode detection with morphological operations},
  author={Katona, Melinda and Ny{\'u}l, L{\'a}szl{\'o} G},
  booktitle={Signal Image Technology and Internet Based Systems (SITIS), 2012 Eighth International Conference on},
  pages={307--314},
  year={2012},
  organization={IEEE}
}

@inproceedings{tekin2009algorithm,
  title={An algorithm enabling blind users to find and read barcodes},
  author={Tekin, Ender and Coughlan, James M},
  booktitle={Applications of Computer Vision (WACV), 2009 Workshop on},
  pages={1--8},
  year={2009},
  organization={IEEE}
}

@inproceedings{hansen2017real,
  title={Real-Time Barcode Detection and Classification Using Deep Learning},
  author={Hansen, Daniel Kold and Nasrollahi, Kamal},
  booktitle={International Joint Conference on Computational Intelligence},
  year={2017}
}

@article{redmon2017yolo9000,
  title={YOLO9000: better, faster, stronger},
  author={Redmon, Joseph and Farhadi, Ali},
  journal={arXiv preprint},
  year={2017}
}

@article{serra1979biomedical,
  title={Biomedical image analysis by mathematical morphology (author's transl)},
  author={Serra, Jean},
  journal={Pathologie-biologie},
  volume={27},
  number={4},
  pages={205--207},
  year={1979}
}
